@webpage{moodledoc,
  Author = {Moodle},
  Year = {2006},
  Title = {Documentation de Moodle},
  Url = {http://docs.moodle.org}
}

@webpage{phpstemmer,
  Author = {Wamania},
  Year = {2017},
  Title = {wamania/php-stemmer: Native PHP5 Stemmer},
  Url = {https://github.com/wamania/php-stemmer}
}

@webpage{snowball,
  Author = {Martin Porter},
  Year = {2006},
  Title = {Snowball},
  Url = {http://snowballstem.org}
}